<record><leader>00000cas a22000007a 4500</leader><controlfield tag="001">18120442</controlfield><controlfield tag="008">880622d19uu1913ohuwr ne      0    0eng d</controlfield><datafield ind1=" " ind2=" " tag="010"><subfield code="a">sn 88078650 </subfield></datafield><datafield ind1=" " ind2=" " tag="040"><subfield code="a">ONP</subfield><subfield code="b">eng</subfield><subfield code="c">ONP</subfield><subfield code="d">OCLCQ</subfield></datafield><datafield ind1=" " ind2=" " tag="042"><subfield code="a">msc</subfield></datafield><datafield ind1="0" ind2=" " tag="130"><subfield code="a">Elyria chronicle (Elyria, Ohio : 1911)</subfield></datafield><datafield ind1="1" ind2="4" tag="245"><subfield code="a">The Elyria chronicle.</subfield></datafield><datafield ind1=" " ind2=" " tag="260"><subfield code="a">Elyria, Lorain County, Ohio :</subfield><subfield code="b">Chronicle Print. Co.</subfield></datafield><datafield ind1=" " ind2=" " tag="300"><subfield code="a">v.</subfield></datafield><datafield ind1=" " ind2=" " tag="310"><subfield code="a">Weekly</subfield></datafield><datafield ind1="1" ind2=" " tag="362"><subfield code="a">Ceased in 1913?</subfield></datafield><datafield ind1=" " ind2=" " tag="580"><subfield code="a">Daily ed.: Elyria chronicle (Elyria, Ohio : 1906).</subfield></datafield><datafield ind1=" " ind2=" " tag="588"><subfield code="a">Description based on: Vol. 7, no. 2098 (Mar. 30, 1911).</subfield></datafield><datafield ind1=" " ind2="4" tag="651"><subfield code="a">Elyria (Ohio)</subfield><subfield code="v">Newspapers.</subfield></datafield><datafield ind1=" " ind2="4" tag="651"><subfield code="a">Lorain County (Ohio)</subfield><subfield code="v">Newspapers.</subfield></datafield><datafield ind1=" " ind2=" " tag="752"><subfield code="a">United States</subfield><subfield code="b">Ohio</subfield><subfield code="c">Lorain</subfield><subfield code="d">Elyria.</subfield></datafield><datafield ind1="1" ind2=" " tag="775"><subfield code="t">Elyria chronicle (Elyria, Ohio : 1906)</subfield><subfield code="w">(DLC)sn 84028352</subfield></datafield><datafield ind1="0" ind2="0" tag="780"><subfield code="t">Weekly chronicle (Elyria, Ohio)</subfield><subfield code="w">(DLC)sn 84028348</subfield></datafield><datafield ind1="1" ind2=" " tag="029"><subfield code="a">AU@</subfield><subfield code="b">000020524504</subfield></datafield></record>